<?xml version="1.0" encoding="utf-8"?>
<record xmlns="http://www.loc.gov/MARC21/slim" xmlns:xsi="http://www.w3.org/2001/XMLSchema-instance" xsi:schemaLocation="http://www.loc.gov/MARC21/slim http://www.loc.gov/standards/marcxml/schema/MARC21slim.xsd">
	<leader>
		02511nam a2200433   4500
	</leader>
	<controlfield tag="001">
		001766536
	</controlfield>
	<controlfield tag="003">
		NNU
	</controlfield>
	<controlfield tag="006">
		m        d        
	</controlfield>
	<controlfield tag="007">
		cr cn |||m|||a
	</controlfield>
	<controlfield tag="008">
		151007s1969    ir      o    |||| ||ara|d
	</controlfield>
	<datafield ind1=" " ind2=" " tag="040">
		<subfield code="a">
			NNU
		</subfield>
		<subfield code="b">
			eng
		</subfield>
		<subfield code="c">
			NNU
		</subfield>
	</datafield>
	<datafield ind1=" " ind2=" " tag="066">
		<subfield code="c">
			(3
		</subfield>
		<subfield code="c">
			(4
		</subfield>
	</datafield>
	<datafield ind1=" " ind2=" " tag="090">
		<subfield code="a">
			QA444
		</subfield>
		<subfield code="b">
			.I25 1969
		</subfield>
	</datafield>
	<datafield ind1="1" ind2=" " tag="100">
		<subfield code="6">
			880-01
		</subfield>
		<subfield code="a">
			Ibn Ṭāhir al-Baghdādī, ʻAbd al-Qāhir,
		</subfield>
		<subfield code="d">
			d. 1037.
		</subfield>
	</datafield>
	<datafield ind1="1" ind2="0" tag="240">
		<subfield code="6">
			880-02
		</subfield>
		<subfield code="a">
			Īḍāḥ ʻan uṣūl ṣināʻat al-massāḥ
		</subfield>
	</datafield>
	<datafield ind1="1" ind2="0" tag="245">
		<subfield code="6">
			880-03
		</subfield>
		<subfield code="a">
			Kitāb al-Īḍāḥ ʻan uṣūl ṣināʻat al-massāḥ
		</subfield>
		<subfield code="h">
			[electronic resource] /
		</subfield>
		<subfield code="c">
			taʼlīf Abū Manṣūr ʻAbd al-Qāhir ibn Ṭāhir ... Tamīmī ; tarjumah-i Abū al-Futūḥ Muntajab al-Dīn Asʻad ibn Maḥmūd Iṣfahānī.
		</subfield>
	</datafield>
	<datafield ind1=" " ind2=" " tag="260">
		<subfield code="6">
			880-04
		</subfield>
		<subfield code="a">
			[Tihrān] :
		</subfield>
		<subfield code="b">
			Intishārāt-i Bunyād-i Farhang-i Īrān,
		</subfield>
		<subfield code="c">
			[1347 i.e. 1969]
		</subfield>
	</datafield>
	<datafield ind1=" " ind2=" " tag="300">
		<subfield code="a">
			online resource ([8], 182 p.)
		</subfield>
	</datafield>
	<datafield ind1="1" ind2=" " tag="490">
		<subfield code="6">
			880-05
		</subfield>
		<subfield code="a">
			Intishārāt-i Bunyād-i Farhang-i Īrān ;
		</subfield>
		<subfield code="v">
			51
		</subfield>
	</datafield>
	<datafield ind1="1" ind2=" " tag="490">
		<subfield code="6">
			880-06
		</subfield>
		<subfield code="a">
			ʻIlm dar Īrān ;
		</subfield>
		<subfield code="v">
			8
		</subfield>
	</datafield>
	<datafield ind1=" " ind2=" " tag="500">
		<subfield code="a">
			Part of the Arabic Collections Online (ACO) project, contributed by New York Univeristy Libraries.
		</subfield>
	</datafield>
	<datafield ind1=" " ind2=" " tag="533">
		<subfield code="a">
			Electronic reproduction.
		</subfield>
		<subfield code="b">
			New York, N.Y. :
		</subfield>
		<subfield code="c">
			New York University,
		</subfield>
		<subfield code="d">
			2015.
		</subfield>
		<subfield code="5">
			NNU
		</subfield>
	</datafield>
	<datafield ind1=" " ind2="0" tag="650">
		<subfield code="a">
			Surveying.
		</subfield>
	</datafield>
	<datafield ind1="2" ind2=" " tag="710">
		<subfield code="a">
			New York University.
		</subfield>
		<subfield code="b">
			Libraries.
		</subfield>
	</datafield>
	<datafield ind1="0" ind2=" " tag="730">
		<subfield code="a">
			Arabic Collections Online.
		</subfield>
	</datafield>
	<datafield ind1="0" ind2="8" tag="776">
		<subfield code="i">
			Print version:
		</subfield>
		<subfield code="a">
			Ibn Ṭāhir al-Baghdādī, ʻAbd al-Qāhir, d. 1037.
		</subfield>
		<subfield code="t">
			Kitāb al-Īḍāḥ ʻan uṣūl ṣināʻat al-massāḥ
		</subfield>
		<subfield code="w">
			(NNU)001766536
		</subfield>
	</datafield>
	<datafield ind1="4" ind2="0" tag="856">
		<subfield code="u">
			http://hdl.handle.net/2333.1/g4f4qvc3
		</subfield>
	</datafield>
	<datafield ind1="1" ind2=" " tag="880">
		<subfield code="6">
			100-01/
		</subfield>
		<subfield code="a">
			بن طاهر البغدادى، عبد القاهر.
		</subfield>
	</datafield>
	<datafield ind1="1" ind2="0" tag="880">
		<subfield code="6">
			240-02/
		</subfield>
		<subfield code="a">
			ايضاح عن اصول صناعة المساح
		</subfield>
	</datafield>
	<datafield ind1="1" ind2="0" tag="880">
		<subfield code="6">
			245-03/
		</subfield>
		<subfield code="a">
			كتاب الايضاح عن اصول صناعة المساح /
		</subfield>
		<subfield code="c">
			تأليف ابو منصور عبد القاهر بن طاهر ... تميمى ؛ ترجمه ابو الفتوح منتجب الدين اسعد بن محمود اصفهانى.
		</subfield>
	</datafield>
	<datafield ind1=" " ind2=" " tag="880">
		<subfield code="6">
			260-04/
		</subfield>
		<subfield code="a">
			[تهران] :
		</subfield>
		<subfield code="b">
			انتشارات بنياد فرهن� ايران،
		</subfield>
		<subfield code="c">
			١٣٤٧.
		</subfield>
	</datafield>
	<datafield ind1="1" ind2=" " tag="880">
		<subfield code="6">
			490-05/
		</subfield>
		<subfield code="a">
			انتشارت بنياد فرهن� ايران ؛
		</subfield>
		<subfield code="v">
			٥١
		</subfield>
	</datafield>
	<datafield ind1="1" ind2=" " tag="880">
		<subfield code="6">
			490-06/
		</subfield>
		<subfield code="a">
			علم در ايران ؛
		</subfield>
		<subfield code="v">
			٨
		</subfield>
	</datafield>
	<datafield ind1=" " ind2="0" tag="830">
		<subfield code="6">
			880-07
		</subfield>
		<subfield code="a">
			Intishārāt-i Bunyād-i Farhang-i Īrān ;
		</subfield>
		<subfield code="v">
			51.
		</subfield>
	</datafield>
	<datafield ind1=" " ind2="0" tag="880">
		<subfield code="6">
			830-07/
		</subfield>
		<subfield code="a">
			انتشارت بنياد فرهن� ايران ؛
		</subfield>
		<subfield code="v">
			٥١
		</subfield>
	</datafield>
	<datafield ind1=" " ind2="0" tag="830">
		<subfield code="6">
			880-08
		</subfield>
		<subfield code="a">
			ʻIlm dar Īrān ;
		</subfield>
		<subfield code="v">
			8.
		</subfield>
	</datafield>
	<datafield ind1=" " ind2="0" tag="880">
		<subfield code="6">
			830-08/
		</subfield>
		<subfield code="a">
			علم در ايران ؛
		</subfield>
		<subfield code="v">
			٨
		</subfield>
	</datafield>
	<datafield ind1=" " ind2=" " tag="959">
		<subfield code="a">
			NNU
		</subfield>
		<subfield code="b">
			WEB
		</subfield>
		<subfield code="c">
			GENI
		</subfield>
		<subfield code="t">
			0
		</subfield>
		<subfield code="m">
			Electronic access
		</subfield>
		<subfield code="s">
			01
		</subfield>
	</datafield>
	<datafield ind1=" " ind2=" " tag="999">
		<subfield code="i">
			NNU_001766536
		</subfield>
		<subfield code="s">
			nyu_aco001403
		</subfield>
		<subfield code="e">
			(ERROR-MISC)
		</subfield>
	</datafield>
</record>
